<?xml version="1.0" encoding="UTF-8"?>
<record xmlns="http://www.loc.gov/MARC21/slim">
  <leader>02050nam a2200289Ia 4500</leader>
  <controlfield tag="001">3599229</controlfield>
  <controlfield tag="005">20101109153100.0</controlfield>
  <controlfield tag="008">860429s1832    mau           000 0 eng d</controlfield>
  <datafield tag="035" ind1=" " ind2=" ">
    <subfield code="a">(OCoLC)52174123</subfield>
  </datafield>
  <datafield tag="035" ind1=" " ind2=" ">
    <subfield code="a">ocm52174123</subfield>
  </datafield>
  <datafield tag="040" ind1=" " ind2=" ">
    <subfield code="a">COO</subfield>
    <subfield code="c">COO</subfield>
  </datafield>
  <datafield tag="043" ind1=" " ind2=" ">
    <subfield code="a">n-us---</subfield>
  </datafield>
  <datafield tag="049" ind1=" " ind2=" ">
    <subfield code="a">BRLL</subfield>
  </datafield>
  <datafield tag="099" ind1=" " ind2=" ">
    <subfield code="a">Res.7589a.54 no. 8</subfield>
  </datafield>
  <datafield tag="099" ind1=" " ind2=" ">
    <subfield code="a">res. 4265.59 No.11</subfield>
  </datafield>
  <datafield tag="110" ind1="2" ind2=" ">
    <subfield code="a">New-England Anti-Slavery Society.</subfield>
  </datafield>
  <datafield tag="245" ind1="1" ind2="0">
    <subfield code="a">Constitution of the New-England Anti-Slavery Society :</subfield>
    <subfield code="b">together with its by-laws, and a list of its officers.</subfield>
  </datafield>
  <datafield tag="260" ind1=" " ind2=" ">
    <subfield code="a">Boston :</subfield>
    <subfield code="b">Garrison and Knapp,</subfield>
    <subfield code="c">1832.</subfield>
  </datafield>
  <datafield tag="300" ind1=" " ind2=" ">
    <subfield code="a">8 p. ;</subfield>
    <subfield code="c">15 cm.</subfield>
  </datafield>
  <datafield tag="500" ind1=" " ind2=" ">
    <subfield code="a">The name of the society was changed in 1835 to the Massachusetts Anti -Slavery Society.</subfield>
  </datafield>
  <datafield tag="590" ind1=" " ind2=" ">
    <subfield code="a">Boston Public Library (Rare Books Department) copy (copy 1) has preliminary page (removed and enclosed in mylar) of formerly bound volume with inscription &quot;Joshua Coffin&apos;s Book, Newbury, Mass.&quot;, and a ms. table of contents.</subfield>
  </datafield>
  <datafield tag="590" ind1=" " ind2=" ">
    <subfield code="a">Bound volume (copy 2) includes: 1. Address to the friends of liberty -- 2. The constitution of the American Anti-Slavery Society -- 3. Constitution of the Baptist Anti-slavery Society, Providence -- 4. British and Foreign AntiSlavery Society -- 5. A vindication of female anti-slavery associations -- 6. Constitution of the ... Anti-Slavery Society -- 7. Work for abolitionists!! -- 8. Constitution of the New-England Anti-Slavery Society -- 9. An apology for abolitionists -- 10. The constitution of the Pennsylvania Society, for Promoting the Abolition of Slavery and the relief of free Negroes (1787) -- 11. The constitution of the Pennsylvania Society, for Promoting the Abolition of Slavery, and the relief of Free Negroes (1788).</subfield>
  </datafield>
  <datafield tag="650" ind1=" " ind2="0">
    <subfield code="a">Slavery</subfield>
    <subfield code="z">United States</subfield>
    <subfield code="x">Societies, etc.</subfield>
  </datafield>
  <datafield tag="700" ind1="1" ind2=" ">
    <subfield code="a">Coffin, Joshua,</subfield>
    <subfield code="d">1792-1864,</subfield>
    <subfield code="e">former owner.</subfield>
  </datafield>
  <datafield tag="949" ind1=" " ind2=" ">
    <subfield code="a">BPL1ST</subfield>
    <subfield code="b">BANF</subfield>
    <subfield code="h">No.11 in 4265.59</subfield>
    <subfield code="z">Bates Hall Catalog Conversion (FY2008). Backstage Library Works.</subfield>
  </datafield>
  <datafield tag="949" ind1=" " ind2=" ">
    <subfield code="a">BPL1ST</subfield>
    <subfield code="b">BANF</subfield>
    <subfield code="h">No.8 in 7589a.54</subfield>
    <subfield code="z">Bates Hall Catalog Conversion (FY2008). Backstage Library Works.</subfield>
  </datafield>
  <datafield tag="994" ind1=" " ind2=" ">
    <subfield code="a">C0</subfield>
    <subfield code="b">BRL</subfield>
  </datafield>
</record>
